@article{pauli1922modell,
  title={{\"u}ber das Modell des Wasserstoffmolek{\"u}lions},
  author={Pauli Jr, W},
  journal={Annalen der Physik},
  volume={373},
  number={11},
  pages={177--240},
  year={1922},
  publisher={Wiley Online Library}
}
@book{fetter2003theoretical,
  title={Theoretical mechanics of particles and continua},
  author={Fetter, Alexander L and Walecka, John Dirk},
  year={2003},
  publisher={Courier Corporation}
}
@book{huray2011maxwell,
  title={Maxwell's equations},
  author={Huray, Paul G},
  year={2011},
  publisher={John Wiley \& Sons}
}
@book{curtis2013orbital,
  title={Orbital mechanics for engineering students},
  author={Curtis, Howard D},
  year={2013},
  publisher={Butterworth-Heinemann}
}
@article{dehnen2011n,
  title={N-body simulations of gravitational dynamics},
  author={Dehnen, Walter and Read, Justin I},
  journal={The European Physical Journal Plus},
  volume={126},
  number={5},
  pages={55},
  year={2011},
  publisher={Springer}
}
@book{suli2003introduction,
  title={An introduction to numerical analysis},
  author={S{\"u}li, Endre and Mayers, David F},
  year={2003},
  publisher={Cambridge university press}
}
@article{sandvik2015numerical,
  title={Numerical solutions of classical equations of motion},
  author={Sandvik, Anders W},
  journal={PY Comput. Phys},
  volume={502},
  year={2015}
}
@article{young2014leapfrog,
  title={The leapfrog method and other symplectic algorithms for integrating Newtons laws of motion},
  author={Young, Peter},
  journal={Physics},
  volume={115},
  number={242},
  year={2014}
}
@article{alder1959studies,
  title={Studies in molecular dynamics. I. General method},
  author={Alder, Berni J and Wainwright, Thomas Everett},
  journal={The Journal of Chemical Physics},
  volume={31},
  number={2},
  pages={459--466},
  year={1959},
  publisher={AIP}
}
@book{wang2012molecular,
  title={Molecular dynamics-theoretical developments and applications in nanotechnology and energy},
  author={Wang, Lichang},
  year={2012}
}
@article{mccammon1977dynamics,
  title={Dynamics of folded proteins},
  author={McCammon, J Andrew and Gelin, Bruce R and Karplus, Martin},
  journal={Nature},
  volume={267},
  number={5612},
  pages={585},
  year={1977},
  publisher={Nature Publishing Group}
}
@article{kim2014issues,
  title={Issues on the choice of a proper time step in molecular dynamics},
  author={Kim, Sangrak},
  journal={Physics Procedia},
  volume={53},
  pages={60--62},
  year={2014},
  publisher={Elsevier}
}
@article{skeel2009makes,
  title={What makes molecular dynamics work?},
  author={Skeel, Robert D},
  journal={SIAM Journal on Scientific Computing},
  volume={31},
  number={2},
  pages={1363--1378},
  year={2009},
  publisher={SIAM}
}
@article{burrau1927berechnung,
  title={Berechnung des energiewertes des wasserstoffmolekel-ions (H 2+) im normalzustand},
  author={Burrau, {\O}jvind},
  journal={Naturwissenschaften},
  volume={15},
  number={1},
  pages={16--17},
  year={1927},
  publisher={Springer}
}
@article{schrodinger1926undulatory,
  title={An undulatory theory of the mechanics of atoms and molecules},
  author={Schr{\"o}dinger, Erwin},
  journal={Physical review},
  volume={28},
  number={6},
  pages={1049},
  year={1926},
  publisher={APS}
}